% -------------------------------------------------------------

@INPROCEEDINGS{deOliveira.Melo.2013,
 AUTHOR =	{L P R {de Oliveira} and F X Melo},
 TITLE =	{TPA as a tool for the desing of active noise control},
 BOOKTITLE =	{Proceedings of the International Symposium on Dynamic Problems of Mechanics - DINAME2013},
 YEAR =		{2013},
 ADDRESS =	{Buzios, Brazil},
}

% -------------------------------------------------------------

@INPROCEEDINGS{Rodriguez.etal.2006,
 AUTHOR =	{O M H Rodriguez and R F Mudde and R V A Oliemans},
 TITLE =	{Stability analysis of slightly-inclined stratified oil-water flow and intermediate wave theory},
 BOOKTITLE =	{Proceedings of the 11th Brazilian Congress of Thermal Sciences and Engineering - ENCIT2006},
 YEAR =		{2006},
 ADDRESS =	{Curitiba, Brazil},
}

% -------------------------------------------------------------

@INPROCEEDINGS{Trindade.Benjeddou.2011b,
 AUTHOR =	{M A Trindade and A Benjeddou},
 TITLE =	{Evaluation of effective material properties of thickness-shear piezoelectric macro-fibre composites},
 BOOKTITLE =	{Proceedings of the 21st International Congress of Mechanical Engineering - COBEM2011},
 YEAR =		{2011b},
 ADDRESS =	{Natal, Brazil},
}

% -------------------------------------------------------------

@MISC{ABCM04,
 AUTHOR =	{ABCM},
 TITLE =	{Journal of the {B}razilian {S}ociety of {E}ngineering and {M}echanical {S}ciences},
 HOWPUBLISHED =	{1 Feb. 2007 <http://www.abcm.org.br/journal/index.shtml>},
 YEAR = {2004},
}

% -------------------------------------------------------------

@MISC{MLA04,
 AUTHOR =	{MLA},
 TITLE =	{How do {I} document sources from the Web in my works-cited list?},
 HOWPUBLISHED =	{Modern Language Association. 22 Feb. 2007  <http://www.mla.org>},
 MONTH =	{Abril},
 YEAR =		{2004},	
}

% -------------------------------------------------------------

@BOOK{McConnell.Varoto.2008,
 AUTHOR =	{K G McConnell and P S Varoto},
 TITLE =	{Vibration Testing: Theory and Practice},
 PUBLISHER =	{John Wiley \& Sons},
 ADDRESS =	{New Jersey},
 EDITION = {2nd Edition},
 YEAR =		{2008},
}

% -------------------------------------------------------------

@MANUAL{Clark86,
 TITLE =	{Private Communication},
 AUTHOR =	{J A Clark},
 ORGANIZATION =	{University of Michigan},
 ADDRESS =	{Ann Harbor},
 YEAR =		{1986},
}

% -------------------------------------------------------------

@ARTICLE{Trindade.Benjeddou.2011a,
 AUTHOR =	{M A Trindade and A Benjeddou},
 TITLE =	{Finite element homogenization technique for the characterization of d15 shear piezoelectric macro-fibre composites},
 JOURNAL =	{Smart Materials and Structures},
 VOLUME =	{20},
 PAGES =	{075012},
 YEAR =		{2011a},
}

% -------------------------------------------------------------

@PHDTHESIS{Lee03,
 AUTHOR =	{Y B Lee},
 TITLE =	{Studies on the growth of the frost layer based on heat and mass transfer through porous media},
 SCHOOL =	{Seoul National University},
 ADDRESS =	{Seoul},
 YEAR =		{2003},
}

% -------------------------------------------------------------
