# Diretrizes do governo

@ARTICLE{dos2010estrategia,
  author = {dos Santos, Reginaldo},
  title = {Estrat{\'e}gia de Forma{\c{c}}{\~a}o, Capacita{\c{c}}{\~a}o, Treinamento
  Operacional e reten{\c{c}}{\~a}o de Recursos Humanos},
  journal = {A Pol{\'\i}tica Espacial Brasileira, editado pelo Conselho de Altos
  Estudos e Avalia{\c{c}}{\~a}o Tecnol{\'o}gica da C{\^a}mara dos Deputados,
  sendo relator o hoje Senador Rodrigo Rollemberg (DF), Parte II},
  year = {2010},
  pages = {253--257}
}

@article{pantojadesafios,
  title={OS DESAFIOS EA ESTRAT{\'E}GIA BRASILEIRA DE ACESSO AO ESPA{\c{C}}O},
  author={Pantoja, Francisco Carlos Melo and de Magalh{\~a}es Kasemodel, Carlos Antonio},
  journal={DESAFIOS DO},
  pages={125},
  year={2011}
}

# Rodas de Reação

@INPROCEEDINGS{oland2009reaction,
  author = {Oland, Espen and Schlanbusch, Rune},
  title = {Reaction wheel design for CubeSats},
  booktitle = {Recent Advances in Space Technologies, 2009. RAST'09. 4th International
	Conference on},
  year = {2009},
  pages = {778--783},
  organization = {IEEE}
}

@INPROCEEDINGS{ge2006comparative,
  author = {Ge, Shengmin and Cheng, Hao},
  title = {A comparative design of satellite attitude control system with reaction
  wheel},
  booktitle = {Adaptive Hardware and Systems, 2006. AHS 2006. First NASA/ESA Conference
  on},
  year = {2006},
  pages = {359--364},
  organization = {IEEE}
}

# Motor

@article{nasaSTD4003,
  title={Electrical Bonding for NASA lunch vehicles, spacecraft, payloads, and flight equipment},
  author={NASA-STD-4003},
  journal={National Aeronautics and Space Administration},
  volume={},
  year={2003}
}

@article{favre1999european,
  title={European electric space rated motors handbook},
  author={Favre, Eric and Wavre, N and Gay-Crosier, P and Verain, M},
  journal={EUROPEAN SPACE AGENCY-PUBLICATIONS-ESA SP},
  volume={438},
  pages={159--168},
  year={1999},
  publisher={EUROPEAN SPACE AGENCY}
}

@INPROCEEDINGS{saxena2012ultra,
  author = {Saxena, S.K. and Saha, T.},
  title = {Ultra High Speed operation of BLDC motor with enhanced motor dynamics
	for space limited applications},
  booktitle = {Aerospace Conference, 2012 IEEE},
  year = {2012},
  pages = {1--12},
  organization = {IEEE}
}

@INPROCEEDINGS{laxminarayana2011design,
  author = {Laxminarayana, Y. and others},
  title = {Design of a compact BLDC motor for high power, high bandwidth Rotary
	ElectroMechanical Actuator for aerospace application},
  booktitle = {India Conference (INDICON), 2011 Annual IEEE},
  year = {2011},
  pages = {1--4},
  organization = {IEEE}
}

@article{sinclair2007enabling,
  title={Enabling reaction wheel technology for high performance nanosatellite attitude control},
  author={Sinclair, Doug and Grant, C Cordell and Zee, Robert},
  year={2007}
}

	#sensorless

@INPROCEEDINGS{kim2003error,
  author = {Kim, T.H. and Ehsani, M.},
  title = {An error analysis of the sensorless position estimation for BLDC
	motors},
  booktitle = {Industry Applications Conference, 2003. 38th IAS Annual Meeting.
	Conference Record of the},
  year = {2003},
  volume = {1},
  pages = {611--617},
  organization = {IEEE}
}

# Materiais

@article{silverman1995space,
  title={Space environmental effects on spacecraft: materials selection guide, part 2},
  author={Silverman, Edward M},
  journal={Progress Report, Apr. 1993-Mar. 1995 TRW, Inc., Redondo Beach, CA. Space and Electronics Group.},
  volume={1},
  year={1995}
}

# Mancal

@article{taniwaki2003experimental,
  title={Experimental and numerical analysis of reaction wheel disturbances},
  author={Taniwaki, Shigemune and Ohkami, Yoshiaki},
  journal={JSME International Journal Series C},
  volume={46},
  number={2},
  pages={519--526},
  year={2003},
  publisher={J-STAGE}
}

@article{stetson1993reaction,
  title={Reaction wheel low-speed compensation using a dither signal},
  author={STETSON, JOHN B},
  journal={Journal of guidance, control, and dynamics},
  volume={16},
  number={4},
  pages={617--622},
  year={1993}
}

	# Magnético

@inproceedings{marble2006bearing,
  title={Bearing health monitoring and life extension in satellite momentum/reaction wheels},
  author={Marble, Sean and Tow, David},
  booktitle={Aerospace Conference, 2006 IEEE},
  pages={7--pp},
  year={2006},
  organization={IEEE}
}

@article{bangcheng2012integral,
  title={Integral design and analysis of passive magnetic bearing and active radial magnetic bearing for agile satellite application},
  author={Bangcheng, Han and Shiqiang, Zheng and Xi, Wang and Qian, Yuan},
  journal={Magnetics, IEEE Transactions on},
  volume={48},
  number={6},
  pages={1959--1966},
  year={2012},
  publisher={IEEE}
}

	# ar

@article{carrara2007controle,
  title={Controle de uma mesa de mancal a ar de um eixo equipada com girosc{\'o}pio e roda de rea{\c{c}}{\~a}o},
  author={Carrara, Valdemir and Milani, Paulo Gi{\'a}como},
  journal={V Simp{\'o}sio Brasileiro de Engenharia Inercial},
  year={2007}
}

# Lubrificantes

@article{miyoshi2007solid,
  title={Solid lubricants and coatings for extreme environments: state-of-the-art survey},
  author={Miyoshi, Kazuhisa},
  year={2007},
  journal={NASA Technical Reports Server}
}

@article{krishnan2010lubrication,
  title={Lubrication of Attitude Control Systems},
  author={Krishnan, Sathyan and Lee, Sang-Heon and Hsu, Hung-Yao and Konchady, Gopinath},
  journal={Adv. Spacecraft Technol},
  volume={4},
  pages={75--98},
  year={2010}
}

@article{sathyan2010long,
  title={Long-term lubrication of momentum wheels used in spacecrafts—An overview},
  author={Sathyan, K and Hsu, HY and Lee, SH and Gopinath, K},
  journal={Tribology International},
  volume={43},
  number={1},
  pages={259--267},
  year={2010},
  publisher={Elsevier}
}

# Simulação

@article{pilat2007automatic,
  title={Automatic generation of Active Magnetic Bearing geometry with COMSOL Multiphysics},
  author={Pilat, Adam},
  year={2007},
  publisher={Military University of Technology}
}

@article{juethner2011dramatically,
  title={Dramatically improve compute-intense applications in the supercomputing cloud},
  author={Juethner, KonrAD},
  journal={COMSOL HPC white paper},
  year={2011}
}

# Cotrole de atitude

@misc{junior2005estudo,
  title={Estudo Comparativo de T{\'e}cnicas de Controle de Atitude em Tr{\^e}s Eixos para Sat{\'e}lites Artificiais},
  author={J{\'u}nior, Gilberto Arantes},
  year={2005},
  publisher={INPE}
}

@article{ladner1964earth,
  title={Earth orbital satellite lifetime},
  author={Ladner, James E and Ragsdale, George C},
  year={1964},
  journal={NASA TN-D}
}

@article{carrara2010comparaccao,
  title={Compara{\c{c}}{\~a}o experimental entre formas de controle de atitude com rodas de rea{\c{c}}{\~a}o},
  author={Carrara, Valdemir},
  journal={VI SBEIN-Simp{\'o}sio Brasileiro de Engenharia Inercial. Rio de Janeiro},
  year={2010}
}
@article{carrara2011speed,
  title={Speed and current control mode strategy comparison in satellite attitude control with reaction wheels},
  author={Carrara, Valdemir and Siqueira, Rafael Henrique and Oliveira, Danilo},
  year={2011}
}

@inproceedings{petrella2007speed,
  title={Speed measurement algorithms for low-resolution incremental encoder equipped drives: a comparative analysis},
  author={Petrella, Roberto and Tursini, Marco and Peretti, Luca and Zigliotto, Mauro},
  booktitle={Electrical Machines and Power Electronics, 2007. ACEMP'07. International Aegean Conference on},
  pages={780--787},
  year={2007},
  organization={IEEE}
}

# Modelagem

@book{wertz1978spacecraft,
  title={Spacecraft attitude determination and control},
  author={Wertz, James R},
  volume={73},
  year={1978},
  publisher={Kluwer Academic Pub}
}
