% This file was created with JabRef 2.8.1.
% Encoding: Cp1252

@ARTICLE{aghili2011fault,
  author = {Aghili, F.},
  title = {Fault-tolerant torque control of BLDC motors},
  journal = {Power Electronics, IEEE Transactions on},
  year = {2011},
  volume = {26},
  pages = {355--363},
  number = {2},
  publisher = {IEEE}
}

@ARTICLE{decontrole,
  author = {de Almeida Lopes, M. and Santisteban, J.A. and Del Nero, A.C.},
  title = {CONTROLE CENTRALIZADO DE MANCAIS MAGN{\'E}TICOS COM A T{\'E}CNICA
	LQR E CARACTER{\'I}STICA INTEGRAL}
}

@INPROCEEDINGS{azidehak2011design,
  author = {Azidehak, A. and Hoshyari, M. and Sharbafi, M.A.},
  title = {Design and implementation of minimal components brushless DC motor
	driver for mobile robots},
  booktitle = {Mechatronics (ICM), 2011 IEEE International Conference on},
  year = {2011},
  pages = {642--647},
  organization = {IEEE}
}

@ARTICLE{balaban2009modeling,
  author = {Balaban, E. and Saxena, A. and Bansal, P. and Goebel, K.F. and Curran,
	S.},
  title = {Modeling, detection, and disambiguation of sensor faults for aerospace
	applications},
  journal = {Sensors Journal, IEEE},
  year = {2009},
  volume = {9},
  pages = {1907--1917},
  number = {12},
  publisher = {IEEE}
}

@ARTICLE{diaz2009small,
  author = {D{\'\i}az-Michelena, M.},
  title = {Small magnetic sensors for space applications},
  journal = {Sensors},
  year = {2009},
  volume = {9},
  pages = {2271--2288},
  number = {4},
  publisher = {Molecular Diversity Preservation International}
}

@INPROCEEDINGS{deng2008study,
  author = {Deng, L. and Liu, P. and Fu, Q. and Zheng, Q. and Liu, H.},
  title = {Study on commutation for permanent magnet brushless DC motor},
  booktitle = {Automation Congress, 2008. WAC 2008. World},
  year = {2008},
  pages = {1--4},
  organization = {IEEE}
}

@INPROCEEDINGS{fuller2000radiation,
  author = {Fuller, E. and Caffrey, M. and Salazar, A. and Carmichael, C. and
	Fabula, J.},
  title = {Radiation testing update, SEU mitigation, and availability analysis
	of the Virtex FPGA for space reconfigurable computing},
  booktitle = {IEEE Nuclear and Space Radiation Effects Conference},
  year = {2000},
  pages = {30--41}
}

@ARTICLE{gamazo2010position,
  author = {Gamazo-Real, J.C. and V{\'a}zquez-S{\'a}nchez, E. and G{\'o}mez-Gil,
	J.},
  title = {Position and speed control of brushless dc motors using sensorless
	techniques and application trends},
  journal = {Sensors},
  year = {2010},
  volume = {10},
  pages = {6901--6947},
  number = {7},
  publisher = {Molecular Diversity Preservation International}
}

@INPROCEEDINGS{hao2003bldc,
  author = {Hao, L. and Toliyat, H.A.},
  title = {BLDC motor full speed range operation including the flux-weakening
	region},
  booktitle = {Industry Applications Conference, 2003. 38th IAS Annual Meeting.
	Conference Record of the},
  year = {2003},
  volume = {1},
  pages = {618--624},
  organization = {IEEE}
}

@INPROCEEDINGS{hubik2008development,
  author = {Hubik, V. and Sveda, M. and Singule, V.},
  title = {On the development of BLDC motor control run-up algorithms for aerospace
	application},
  booktitle = {Power Electronics and Motion Control Conference, 2008. EPE-PEMC 2008.
	13th},
  year = {2008},
  pages = {1620--1624},
  organization = {IEEE}
}

@ARTICLE{kim2004sensorless,
  author = {Kim, T.H. and Ehsani, M.},
  title = {Sensorless control of the BLDC motors from near-zero to high speeds},
  journal = {Power Electronics, IEEE Transactions on},
  year = {2004},
  volume = {19},
  pages = {1635--1645},
  number = {6},
  publisher = {IEEE}
}

@INPROCEEDINGS{kim2003error,
  author = {Kim, T.H. and Ehsani, M.},
  title = {An error analysis of the sensorless position estimation for BLDC
	motors},
  booktitle = {Industry Applications Conference, 2003. 38th IAS Annual Meeting.
	Conference Record of the},
  year = {2003},
  volume = {1},
  pages = {611--617},
  organization = {IEEE}
}

@INPROCEEDINGS{kim2011new,
  author = {Kim, T. and Kim, C. and Lyou, J.},
  title = {A new sensorless drive scheme for a BLDC motor based on the terminal
	voltage difference},
  booktitle = {IECON 2011-37th Annual Conference on IEEE Industrial Electronics
	Society},
  year = {2011},
  pages = {1710--1715},
  organization = {IEEE}
}

@INPROCEEDINGS{laxminarayana2011design,
  author = {Laxminarayana, Y. and others},
  title = {Design of a compact BLDC motor for high power, high bandwidth Rotary
	ElectroMechanical Actuator for aerospace application},
  booktitle = {India Conference (INDICON), 2011 Annual IEEE},
  year = {2011},
  pages = {1--4},
  organization = {IEEE}
}

@INPROCEEDINGS{liu2008study,
  author = {Liu, X. and Pan, Z.},
  title = {Study on switched reluctance motor using three-phase bridge inverter:
	Analysis and comparison with asymmetric bridge},
  booktitle = {Electrical Machines and Systems, 2008. ICEMS 2008. International
	Conference on},
  year = {2008},
  pages = {1354--1358},
  organization = {IEEE}
}

@ARTICLE{rodriguez2007novel,
  author = {Rodriguez, F. and Emadi, A.},
  title = {A novel digital control technique for brushless DC motor drives},
  journal = {Industrial Electronics, IEEE Transactions on},
  year = {2007},
  volume = {54},
  pages = {2365--2373},
  number = {5},
  publisher = {IEEE}
}

@ARTICLE{sathyan2009fpga,
  author = {Sathyan, A. and Milivojevic, N. and Lee, Y.J. and Krishnamurthy,
	M. and Emadi, A.},
  title = {An FPGA-based novel digital PWM control scheme for BLDC motor drives},
  journal = {Industrial Electronics, IEEE Transactions on},
  year = {2009},
  volume = {56},
  pages = {3040--3049},
  number = {8},
  __markedentry = {[NSEE:]},
  publisher = {IEEE}
}

@INPROCEEDINGS{saxena2012ultra,
  author = {Saxena, S.K. and Saha, T.},
  title = {Ultra High Speed operation of BLDC motor with enhanced motor dynamics
	for space limited applications},
  booktitle = {Aerospace Conference, 2012 IEEE},
  year = {2012},
  pages = {1--12},
  organization = {IEEE}
}

@INPROCEEDINGS{simpkins2010position,
  author = {Simpkins, A. and Todorov, E.},
  title = {Position estimation and control of compact bldc motors based on analog
	linear hall effect sensors},
  booktitle = {American Control Conference (ACC), 2010},
  year = {2010},
  pages = {1948--1955},
  organization = {IEEE}
}

@INPROCEEDINGS{wu2009digital,
  author = {Wu, C.H. and Tzou, Y.Y.},
  title = {Digital control strategy for efficiency optimization of a BLDC motor
	driver with VOPFC},
  booktitle = {Energy Conversion Congress and Exposition, 2009. ECCE 2009. IEEE},
  year = {2009},
  pages = {2528--2534},
  organization = {IEEE}
}

@INPROCEEDINGS{xu2010analysis,
  author = {Xu, S. and Sun, W. and Sun, D.},
  title = {Analysis and design optimization of brushless DC motor's driving
	circuit considering the Cdv/dt induced effect},
  booktitle = {Energy Conversion Congress and Exposition (ECCE), 2010 IEEE},
  year = {2010},
  pages = {2091--2095},
  organization = {IEEE}
}

@article{pantojadesafios,
  title={OS DESAFIOS EA ESTRAT{\'E}GIA BRASILEIRA DE ACESSO AO ESPA{\c{C}}O},
  author={Pantoja, Francisco Carlos Melo and de Magalh{\~a}es Kasemodel, Carlos Antonio},
  journal={DESAFIOS DO},
  pages={125},
  year={2011}
}

@ARTICLE{dos2010estrategia,
  author = {dos Santos, Reginaldo},
  title = {Estrat{\'e}gia de Forma{\c{c}}{\~a}o, Capacita{\c{c}}{\~a}o, Treinamento
  Operacional e reten{\c{c}}{\~a}o de Recursos Humanos},
  journal = {A Pol{\'\i}tica Espacial Brasileira, editado pelo Conselho de Altos
  Estudos e Avalia{\c{c}}{\~a}o Tecnol{\'o}gica da C{\^a}mara dos Deputados,
  sendo relator o hoje Senador Rodrigo Rollemberg (DF), Parte II},
  year = {2010},
  pages = {253--257}
}

@INPROCEEDINGS{oland2009reaction,
  author = {Oland, Espen and Schlanbusch, Rune},
  title = {Reaction wheel design for CubeSats},
  booktitle = {Recent Advances in Space Technologies, 2009. RAST'09. 4th International
	Conference on},
  year = {2009},
  pages = {778--783},
  organization = {IEEE}
}

@article{carrara2007controle,
  title={Controle de uma mesa de mancal a ar de um eixo equipada com girosc{\'o}pio e roda de rea{\c{c}}{\~a}o},
  author={Carrara, Valdemir and Milani, Paulo Gi{\'a}como},
  journal={V Simp{\'o}sio Brasileiro de Engenharia Inercial},
  year={2007}
}

@article{shishko1995nasa,
  title={NASA systems engineering handbook},
  author={Shishko, Robert and Aster, Robert},
  journal={NASA Special Publication},
  volume={6105},
  year={1995}
}

@article{nasaSTD4003,
  title={Electrical Bonding for NASA lunch vehicles, spacecraft, payloads, and flight equipment},
  author={NASA-STD-4003},
  journal={National Aeronautics and Space Administration},
  volume={},
  year={2003}
}

@article{silverman1995space,
  title={Space environmental effects on spacecraft: LEO materials selection guide, part 2},
  author={Silverman, Edward M},
  journal={Progress Report, Apr. 1993-Mar. 1995 TRW, Inc., Redondo Beach, CA. Space and Electronics Group.},
  volume={1},
  year={1995}
}

@article{miyoshi2007solid,
  title={Solid lubricants and coatings for extreme environments: state-of-the-art survey},
  author={Miyoshi, Kazuhisa},
  year={2007},
  journal={NASA Technical Reports Server}
}

@misc{junior2005estudo,
  title={Estudo Comparativo de T{\'e}cnicas de Controle de Atitude em Tr{\^e}s Eixos para Sat{\'e}lites Artificiais},
  author={J{\'u}nior, Gilberto Arantes},
  year={2005},
  publisher={INPE}
}



@book{hanselman1994brushless,
  title={Brushless permanent-magnet motor design},
  author={Hanselman, Duane C},
  year={1994},
  publisher={McGraw-Hill New York}
}

@article{taniwaki2003experimental,
  title={Experimental and numerical analysis of reaction wheel disturbances},
  author={Taniwaki, Shigemune and Ohkami, Yoshiaki},
  journal={JSME International Journal Series C},
  volume={46},
  number={2},
  pages={519--526},
  year={2003},
  publisher={J-STAGE}
}

@article{ladner1964earth,
  title={Earth orbital satellite lifetime},
  author={Ladner, James E and Ragsdale, George C},
  year={1964},
  journal={NASA TN-D}
}

@INPROCEEDINGS{ge2006comparative,
  author = {Ge, Shengmin and Cheng, Hao},
  title = {A comparative design of satellite attitude control system with reaction
  wheel},
  booktitle = {Adaptive Hardware and Systems, 2006. AHS 2006. First NASA/ESA Conference
  on},
  year = {2006},
  pages = {359--364},
  organization = {IEEE}
}

@inproceedings{zhu2001halbach,
  title={Halbach permanent magnet machines and applications: a review},
  author={Zhu, ZQ and Howe, D},
  booktitle={Electric Power Applications, IEE Proceedings-},
  volume={148},
  pages={299--308},
  year={2001},
  organization={IET}
}

@inproceedings{scharfe2001design,
  title={Design and development of a compact magnetic bearing momentum wheel for micro and small satellites},
  author={Scharfe, Michael and Roschke, Thomas and Bindl, Enrico and Blonski, Daniel},
  booktitle={Proceedings of the 15th Annual Utah State University Conference on Small Satellites},
  pages={1--9},
  year={2001}
}

@book{esa7071,
  title={ECSS Q 70 71A rev. 1. Data for selection of space materials and processes},
  author={EUROPEAN COOPERATION FOR SPACE STANDARDIZATION},
  booktitle={Requirements & Standards Division},
  year={204}
}

@inproceedings{azidehak2011design,
  title={Design and implementation of minimal components brushless DC motor driver for mobile robots},
  author={Azidehak, A and Hoshyari, Mohammad and Sharbafi, Maziar Ahmad},
  booktitle={Mechatronics (ICM), 2011 IEEE International Conference on},
  pages={642--647},
  year={2011},
  organization={IEEE}
}

@inproceedings{ronghui2012reduction,
  title={Reduction of cogging torque in surfacemounted permanent magnet brushless motor based on Motorsolve},
  author={Ronghui, Liu and Rumei, Wang and Jiebao, Li},
  booktitle={Innovative Smart Grid Technologies-Asia (ISGT Asia), 2012 IEEE},
  pages={1--4},
  year={2012},
  organization={IEEE}
}

@article{stassinopoulos1988space,
  title={The space radiation environment for electronics},
  author={Stassinopoulos, EG and Raymond, James P},
  journal={Proceedings of the IEEE},
  volume={76},
  number={11},
  pages={1423--1442},
  year={1988},
  publisher={IEEE}
}

@inproceedings{marble2006bearing,
  title={Bearing health monitoring and life extension in satellite momentum/reaction wheels},
  author={Marble, Sean and Tow, David},
  booktitle={Aerospace Conference, 2006 IEEE},
  pages={7--pp},
  year={2006},
  organization={IEEE}
}

@article{bangcheng2012integral,
  title={Integral design and analysis of passive magnetic bearing and active radial magnetic bearing for agile satellite application},
  author={Bangcheng, Han and Shiqiang, Zheng and Xi, Wang and Qian, Yuan},
  journal={Magnetics, IEEE Transactions on},
  volume={48},
  number={6},
  pages={1959--1966},
  year={2012},
  publisher={IEEE}
}

@article{pilat2007automatic,
  title={Automatic generation of Active Magnetic Bearing geometry with COMSOL Multiphysics},
  author={Pilat, Adam},
  year={2007},
  publisher={Military University of Technology}
}

@article{juethner2011dramatically,
  title={Dramatically improve compute-intense applications in the supercomputing cloud},
  author={Juethner, KonrAD},
  journal={COMSOL HPC white paper},
  year={2011}
}

@article{morais2006desenho,
  title={Desenho t{\'e}cnico b{\'a}sico 3},
  author={Morais, Sim{\~o}es},
  journal={Porto Editora},
  year={2006}
}

@article{favre1999european,
  title={European electric space rated motors handbook},
  author={Favre, Eric and Wavre, N and Gay-Crosier, P and Verain, M},
  journal={EUROPEAN SPACE AGENCY-PUBLICATIONS-ESA SP},
  volume={438},
  pages={159--168},
  year={1999},
  publisher={EUROPEAN SPACE AGENCY}
}